<record><leader>00000cas a22000007a 4500</leader><controlfield tag="001">12429102</controlfield><controlfield tag="008">850827d19601964utuwr ne      0    0eng d</controlfield><datafield ind1=" " ind2=" " tag="010"><subfield code="a">sn 85058219 </subfield></datafield><datafield ind1=" " ind2=" " tag="040"><subfield code="a">UNP</subfield><subfield code="b">eng</subfield><subfield code="c">UNP</subfield><subfield code="d">OCLCQ</subfield><subfield code="d">UBY</subfield><subfield code="d">OCLCF</subfield><subfield code="d">OCLCO</subfield></datafield><datafield ind1=" " ind2=" " tag="042"><subfield code="a">msc</subfield></datafield><datafield ind1="0" ind2="4" tag="245"><subfield code="a">The Summit County bee and Park record.</subfield></datafield><datafield ind1=" " ind2=" " tag="260"><subfield code="a">Coalville, Utah :</subfield><subfield code="b">H.C. McConaughy,</subfield><subfield code="c">1960-1964.</subfield></datafield><datafield ind1=" " ind2=" " tag="300"><subfield code="a">4 v. :</subfield><subfield code="b">ill.</subfield></datafield><datafield ind1=" " ind2=" " tag="310"><subfield code="a">Weekly</subfield></datafield><datafield ind1="0" ind2=" " tag="362"><subfield code="a">Vol. 37, no. 28 (July 7, 1960)-v. 31 [sic], no. 27 (July 2, 1964).</subfield></datafield><datafield ind1=" " ind2=" " tag="515"><subfield code="a">Vol. numbering is irregular.</subfield></datafield><datafield ind1=" " ind2=" " tag="515"><subfield code="a">Continues the numbering of the: Summit County bee (Coalville, Utah : 1923); but issues also numbered 81st year-85th year, continuing the vol. numbering of the Park record (Park City, Utah : 1884).</subfield></datafield><datafield ind1=" " ind2=" " tag="525"><subfield code="a">Supplements accompany some issues.</subfield></datafield><datafield ind1=" " ind2=" " tag="525"><subfield code="a">Farm fertilizer supplement issued each Mar., 1962-1964.</subfield></datafield><datafield ind1=" " ind2=" " tag="580"><subfield code="a">Formed by the union of: Summit County bee (Coalville, Utah : 1923), and: Park record (Park City, Utah : 1884).</subfield></datafield><datafield ind1=" " ind2=" " tag="580"><subfield code="a">Split into: Summit County bee (Coalville, Utah : 1964), and: Park record (Park City, Utah : 1964).</subfield></datafield><datafield ind1=" " ind2=" " tag="580"><subfield code="a">Printed in Morgan, Utah at the office of: Morgan County news, for distribution in Park City and Coalville, Utah.</subfield></datafield><datafield ind1=" " ind2="0" tag="651"><subfield code="a">Summit County (Utah)</subfield><subfield code="v">Newspapers.</subfield></datafield><datafield ind1=" " ind2="0" tag="651"><subfield code="a">Coalville (Utah)</subfield><subfield code="v">Newspapers.</subfield></datafield><datafield ind1=" " ind2="7" tag="655"><subfield code="a">Newspapers.</subfield><subfield code="2">fast</subfield><subfield code="0">(OCoLC)fst01423814</subfield></datafield><datafield ind1=" " ind2="7" tag="651"><subfield code="a">Utah</subfield><subfield code="z">Coalville.</subfield><subfield code="2">fast</subfield><subfield code="0">(OCoLC)fst01296829</subfield></datafield><datafield ind1=" " ind2="7" tag="651"><subfield code="a">Utah</subfield><subfield code="z">Summit County.</subfield><subfield code="2">fast</subfield><subfield code="0">(OCoLC)fst01218286</subfield></datafield><datafield ind1=" " ind2=" " tag="752"><subfield code="a">United States</subfield><subfield code="b">Utah</subfield><subfield code="c">Summit</subfield><subfield code="d">Coalville.</subfield></datafield><datafield ind1=" " ind2=" " tag="752"><subfield code="a">United States</subfield><subfield code="b">Utah</subfield><subfield code="c">Summit</subfield><subfield code="d">Park City.</subfield></datafield><datafield ind1=" " ind2=" " tag="752"><subfield code="a">United States</subfield><subfield code="b">Utah</subfield><subfield code="c">Morgan</subfield><subfield code="d">Morgan.</subfield></datafield><datafield ind1="1" ind2="4" tag="780"><subfield code="t">Summit County bee (Coalville, Utah : 1923)</subfield><subfield code="w">(DLC)sn 85058218</subfield><subfield code="w">(OCoLC)12429071</subfield></datafield><datafield ind1="1" ind2="4" tag="780"><subfield code="t">Park record (Park City, Utah : 1884)</subfield><subfield code="w">(DLC)sn 85058233</subfield><subfield code="w">(OCoLC)12442320</subfield></datafield><datafield ind1="1" ind2="6" tag="785"><subfield code="t">Summit County bee (Coalville, Utah : 1964)</subfield><subfield code="w">(DLC)sn 85058220</subfield><subfield code="w">(OCoLC)12429116</subfield></datafield><datafield ind1="1" ind2="6" tag="785"><subfield code="t">Park record (Park City, Utah : 1964)</subfield><subfield code="w">(DLC)sn 83009102</subfield><subfield code="w">(OCoLC)9614042</subfield></datafield><datafield ind1="1" ind2=" " tag="787"><subfield code="t">Morgan County news</subfield><subfield code="w">(DLC)sn 85058155</subfield><subfield code="w">(OCoLC)12248944</subfield></datafield></record>